@article{Holstein_2009,
  doi = {10.1088/1742-6596/173/1/012019},
  url = {http://dx.doi.org/10.1088/1742-6596/173/1/012019},
  year = {2009},
  month = {jun},
  publisher = {{IOP} Publishing},
  volume = {173},
  pages = {012019},
  author = {Barry R Holstein},
  title = {{The mysterious disappearance of Ettore Majorana}},
  journal = {J. Phys.: Conf. Ser.},
}


@article{2012,
  author = {CMS/CERN},
  title = {{A New Boson with a Mass of 125 GeV Observed with the CMS Experiment at the Large Hadron Collider}},
  volume = {338},
  number = {6114},
  pages = {1569-1575},
  year = {2012},
  doi = {10.1126/science.1230816},
  eprint = {http://www.sciencemag.org/content/338/6114/1569.full.pdf},
  journal = {Science},
}

@incollection{Lozano_2013,
  year={2013},
  isbn={978-3-642-41180-9},
  booktitle={Image Analysis and Processing â€“ ICIAP 2013},
  volume={8156},
  series={Lecture Notes in Computer Science},
  editor={Petrosino, Alfredo},
  doi={10.1007/978-3-642-41181-6_72},
  title={Classification of Pollen Apertures Using Bag of Words},
  url={http://dx.doi.org/10.1007/978-3-642-41181-6_72},
  publisher={Springer Berlin Heidelberg},
  keywords={pattern recognition; classification; local jets; bag of words; apertures; palynology},
  author={Lozano-Vega, Gildardo and Benezeth, Yannick and Marzani, Franck and Boochs, Frank},
  pages={712-721},
  language={English}
}

@incollection{Lozano_2014,
  year = {2014},
  isbn = {978-3-662-44653-9},
  booktitle = {Artificial Intelligence Applications and Innovations},
  volume = {436},
  series = {IFIP Advances in Information and Communication Technology},
  editor = {Iliadis, Lazaros and Maglogiannis, Ilias and Papadopoulos, Harris},
  doi = {10.1007/978-3-662-44654-6_39},
  title = {Analysis of Relevant Features for Pollen Classification},
  url = {http://dx.doi.org/10.1007/978-3-662-44654-6_39},
  publisher = {Springer Berlin Heidelberg},
  keywords = {pattern recognition; feature extraction; feature evaluation; apertures; palynology},
  author = {Lozano-Vega, Gildardo and Benezeth, Yannick and Marzani, Franck and Boochs, Frank},
  pages = {395-404},
  language = {English}
}

  
  
  